<?xml version="1.0" encoding="UTF-8"?><collection xmlns="http://www.loc.gov/MARC21/slim"><record><leader>00678nam--2200205-i-4500</leader><controlfield tag="001">000033420</controlfield><controlfield tag="002">20161230</controlfield><controlfield tag="005">20161230201039</controlfield><controlfield tag="008">060222s1000------------r-----000-0-rum-d</controlfield><datafield ind1=" " ind2=" " tag="040"><subfield code="a">IFIN-HH</subfield></datafield><datafield ind1=" " ind2=" " tag="041"><subfield code="a">rum</subfield></datafield><datafield ind1=" " ind2=" " tag="080"><subfield code="a">539.1.002:539.1.001.5=03.82=590</subfield></datafield><datafield ind1="1" ind2=" " tag="100"><subfield code="a">Muhin, K.N</subfield></datafield><datafield ind1="1" ind2="0" tag="245"><subfield code="a">Fizica nucleara experimentala</subfield><subfield code="b">Traducere din limba rusa de prof. dr. oliviu gherman</subfield><subfield code="c">K.n. muhin</subfield></datafield><datafield ind1=" " ind2=" " tag="260"><subfield code="a">Bucuresti</subfield><subfield code="b">Editura Tehnica</subfield><subfield code="c">1981, 1982</subfield></datafield><datafield ind1=" " ind2=" " tag="300"><subfield code="a">2 VOLUME</subfield></datafield><datafield ind1=" " ind2=" " tag="500"><subfield code="a">Titlul Original In Limba Rusa: Eksperimentalnaia Iadernaia Fizika</subfield></datafield><datafield ind1="1" ind2=" " tag="787"><subfield code="a">Volumul Ii</subfield><subfield code="d">1982</subfield><subfield code="h">340p</subfield><subfield code="t">Fizica Particulelor Elementare</subfield></datafield><datafield ind1=" " ind2=" " tag="852"><subfield code="a">48779</subfield><subfield code="c">539</subfield></datafield><datafield ind1=" " ind2=" " tag="CAT"><subfield code="a">Sys</subfield><subfield code="c">20111012</subfield><subfield code="h">131746</subfield></datafield></record></collection>